<?xml version="1.0" encoding="UTF-8"?><collection xmlns="http://www.loc.gov/MARC21/slim"><record><leader>00491nam--2200145-i-4500</leader><controlfield tag="001">000024581</controlfield><controlfield tag="002">20161230</controlfield><controlfield tag="005">20161230201035</controlfield><controlfield tag="008">060222s1000------------r-----000-0-eng-d</controlfield><datafield ind1=" " ind2=" " tag="080"><subfield code="a">537.622(043)</subfield></datafield><datafield ind1=" " ind2=" " tag="100"><subfield code="a">Hamzaoui, Saad</subfield></datafield><datafield ind1=" " ind2=" " tag="245"><subfield code="a">Domaines et parois magnetiques dans les alliages amorphes de terre rare metal de transition gdfe et gd co et du type metal de transition metall de nicop et coti.these</subfield></datafield><datafield ind1=" " ind2=" " tag="260"><subfield code="a">Orsay, Univ. De Paris-sud, 1985. 201 P</subfield></datafield><datafield ind1=" " ind2=" " tag="490"><subfield code="a">These</subfield></datafield><datafield ind1=" " ind2=" " tag="852"><subfield code="a">74055</subfield></datafield></record></collection>